@online{embitel_flash_bootloader,
  author       = {Embitel},
  title        = {What is Flash Bootloader and Nuances of an Automotive ECU Re-programming},
  year         = {2023},
  url          = {https://www.embitel.com/blog/embedded-blog/what-is-flash-bootloader-and-nuances-of-an-automotive-ecu-re-programming},
  note         = {Accessed: 2024-08-21},
}



@online{wikipedia_mcdc,
  author       = {Wikipedia},
  title        = {Modified condition/decision coverage},
  year         = {2023},
  url          = {https://en.wikipedia.org/wiki/Modified_condition/decision_coverage},
  note         = {Accessed: 2024-08-21},
}

@online{wikipedia_circular_buffer,
  author       = {MuhannadAjjan},
  title        = {Circular Buffer Animation.gif},
  year         = {2015},
  url          = {https://en.wikipedia.org/wiki/Circular_buffer},
  note         = {Accessed: 2024-08-29},
}

@online{entrust_hardware_security_modules,
  author       = {Entrust},
  title        = {What are Hardware Security Modules (HSMs)?},
  year         = {2023},
  url          = {https://www.entrust.com/fr/resources/learn/what-are-hardware-security-modules},
  note         = {Accessed: 2024-08-21},
}

@online{wikipedia_spi,
  author       = {Wikipedia},
  title        = {Serial Peripheral Interface},
  year         = {2023},
  url          = {https://fr.wikipedia.org/wiki/Serial_Peripheral_Interface},
  note         = {Accessed: 2024-08-21},
}

@online{wiki_uds,
  author    = {{Wikipedia contributors}},
  title     = {Unified Diagnostic Services},
  year      = {2024},
  url       = {https://en.wikipedia.org/wiki/Unified_Diagnostic_Services},
  note      = {Accessed: 2024-08-30}
}

@online{csselectronics_can_bus_tutorial,
  author       = {CS Selectronics},
  title        = {CAN Bus Simple Intro Tutorial},
  year         = {2024},
  url          = {https://www.csselectronics.com/pages/can-bus-simple-intro-tutorial},
  note         = {Accessed: 2024-08-21},
}

@online{wikipedia_iso_15765_2,
  author       = {{Wikipedia Contributors}},
  title        = {ISO 15765-2},
  year         = {2024},
  url          = {https://en.wikipedia.org/wiki/ISO_15765-2},
  note         = {Accessed: 2024-08-21},
}

